<?xml version="1.0" encoding="UTF-8"?><collection xmlns="http://www.loc.gov/MARC21/slim"><record><leader>00345nam--2200133-i-4500</leader><controlfield tag="001">000041043</controlfield><controlfield tag="002">20161230</controlfield><controlfield tag="005">20161230201042</controlfield><controlfield tag="008">060222s1000------------r-----000-0-eng-d</controlfield><datafield ind1=" " ind2=" " tag="080"><subfield code="a">621.382(075.8)</subfield></datafield><datafield ind1=" " ind2=" " tag="100"><subfield code="a">Searle, Cambell L., Gray, Paul E</subfield></datafield><datafield ind1=" " ind2=" " tag="245"><subfield code="a">Bazele electronicii moderne</subfield></datafield><datafield ind1=" " ind2=" " tag="260"><subfield code="a">Bucuresti, Ed.Tehnica, 1973, 576p</subfield></datafield><datafield ind1=" " ind2=" " tag="852"><subfield code="a">39881</subfield></datafield></record></collection>